<collection xmlns="http://www.loc.gov/MARC21/slim">
<record>
  <leader>03931nam0a2200673 i 450 </leader>
  <controlfield tag="001">IT\ICCU\CNCE\026436</controlfield>
  <controlfield tag="005">20201021000000.0</controlfield>
  <datafield tag="012" ind1=" " ind2=" ">
    <subfield code="a">e.er i.ue here prch (3) 1563 (R)</subfield>
    <subfield code="2">fei</subfield>
  </datafield>
  <datafield tag="100" ind1=" " ind2=" ">
    <subfield code="a">19971015d1563        0itac0103    ba</subfield>
  </datafield>
  <datafield tag="101" ind1=" " ind2=" ">
    <subfield code="a">ITA</subfield>
  </datafield>
  <datafield tag="102" ind1=" " ind2=" ">
    <subfield code="a">IT</subfield>
  </datafield>
  <datafield tag="200" ind1="1" ind2=" ">
    <subfield code="a">Lettere del gran Mahumeto imperadore de&apos; Turchi: scritte a diuersi re, prencipi, signori, e republiche, con le risposte loro; ridotte nella volgar lingua da m. Lodouico Dolce. Insieme con le lettere di Falaride tiranno degli Agrigentini</subfield>
  </datafield>
  <datafield tag="210" ind1=" " ind2=" ">
    <subfield code="a">In Vinegia</subfield>
    <subfield code="c">appresso Gabriel Giolito de&apos; Ferrari</subfield>
    <subfield code="d">1563</subfield>
  </datafield>
  <datafield tag="215" ind1=" " ind2=" ">
    <subfield code="a">192 p.</subfield>
    <subfield code="d">8ʻ</subfield>
  </datafield>
  <datafield tag="300" ind1=" " ind2=" ">
    <subfield code="a">Opere falsamente attribuite a Mehmet II e Falaride. - Per il nome dell&apos;autore cfr.: G. Tiraboschi, Storia della letteratura italiana, v. 3, p. 177</subfield>
  </datafield>
  <datafield tag="620" ind1=" " ind2=" ">
    <subfield code="a">IT</subfield>
    <subfield code="d">Venezia</subfield>
  </datafield>
  <datafield tag="700" ind1=" " ind2="1">
    <subfield code="a">Zacchia,</subfield>
    <subfield code="b">Laudivio</subfield>
    <subfield code="3">IT\ICCU\CNCA\008041</subfield>
  </datafield>
  <datafield tag="702" ind1=" " ind2="0">
    <subfield code="a">Muhammad</subfield>
    <subfield code="c"> &lt;sultano di Turchia</subfield>
    <subfield code="c"> ; 2.&gt;</subfield>
    <subfield code="3">IT\ICCU\CNCA\021524</subfield>
  </datafield>
  <datafield tag="702" ind1=" " ind2="1">
    <subfield code="a">Dolce,</subfield>
    <subfield code="b">Lodovico</subfield>
    <subfield code="3">IT\ICCU\CNCA\000014</subfield>
  </datafield>
  <datafield tag="702" ind1=" " ind2="0">
    <subfield code="a">Phalaris</subfield>
    <subfield code="3">IT\ICCU\CNCA\007770</subfield>
  </datafield>
  <datafield tag="712" ind1="0" ind2="0">
    <subfield code="a">Giolito De Ferrari, Gabriele</subfield>
    <subfield code="3">IT\ICCU\CNCT\000033</subfield>
    <subfield code="4">650</subfield>
  </datafield>
  <datafield tag="790" ind1=" " ind2="1">
    <subfield code="a">Zachia,</subfield>
    <subfield code="b">Laudivius</subfield>
    <subfield code="3">IT\ICCU\CNCA\025356</subfield>
    <subfield code="z">Zacchia, Laudivio</subfield>
  </datafield>
  <datafield tag="790" ind1=" " ind2="0">
    <subfield code="a">Mehemet</subfield>
    <subfield code="c"> &lt;sultano dei Turchi</subfield>
    <subfield code="c"> ; 2.&gt;</subfield>
    <subfield code="3">IT\ICCU\CNCA\021572</subfield>
    <subfield code="z">Muhammad &lt;sultano di Turchia ; 2.&gt;</subfield>
  </datafield>
  <datafield tag="790" ind1=" " ind2="0">
    <subfield code="a">Mehemmed</subfield>
    <subfield code="c"> &lt;sultano dei Turchi</subfield>
    <subfield code="c"> ; 2.&gt;</subfield>
    <subfield code="3">IT\ICCU\CNCA\021573</subfield>
    <subfield code="z">Muhammad &lt;sultano di Turchia ; 2.&gt;</subfield>
  </datafield>
  <datafield tag="790" ind1=" " ind2="1">
    <subfield code="a">Dulcius,</subfield>
    <subfield code="b">Ludovicus</subfield>
    <subfield code="3">IT\ICCU\CNCA\018398</subfield>
    <subfield code="z">Dolce, Lodovico</subfield>
  </datafield>
  <datafield tag="790" ind1=" " ind2="1">
    <subfield code="a">Dolci,</subfield>
    <subfield code="b">Lodovico</subfield>
    <subfield code="3">IT\ICCU\CNCA\018400</subfield>
    <subfield code="z">Dolce, Lodovico</subfield>
  </datafield>
  <datafield tag="790" ind1=" " ind2="0">
    <subfield code="a">Falaride</subfield>
    <subfield code="3">IT\ICCU\CNCA\022790</subfield>
    <subfield code="z">Phalaris</subfield>
  </datafield>
  <datafield tag="791" ind1="0" ind2="0">
    <subfield code="a">Iolitus de Ferrariis, Gabriel</subfield>
    <subfield code="3">IT\ICCU\CNCT\003847</subfield>
    <subfield code="z">Giolito De Ferrari, Gabriele</subfield>
  </datafield>
  <datafield tag="791" ind1="0" ind2="0">
    <subfield code="a">Iolito de Ferrarii, Gabriel</subfield>
    <subfield code="3">IT\ICCU\CNCT\004885</subfield>
    <subfield code="z">Giolito De Ferrari, Gabriele</subfield>
  </datafield>
  <datafield tag="801" ind1=" " ind2="3">
    <subfield code="a">IT</subfield>
    <subfield code="b">ICCU</subfield>
    <subfield code="c">20201114</subfield>
  </datafield>
  <datafield tag="899" ind1=" " ind2=" ">
    <subfield code="a">Biblioteca del Seminario vescovile. Osimo</subfield>
    <subfield code="1">AN0056</subfield>
    <subfield code="2">PBE D3</subfield>
  </datafield>
  <datafield tag="899" ind1=" " ind2=" ">
    <subfield code="a">Biblioteca citt ̉di Arezzo. Arezzo</subfield>
    <subfield code="1">AR0070</subfield>
    <subfield code="2">RT1 QA</subfield>
  </datafield>
  <datafield tag="899" ind1=" " ind2=" ">
    <subfield code="a">Biblioteca civica A. Mai. Bergamo</subfield>
    <subfield code="1">BG0026</subfield>
    <subfield code="2">LO1 02</subfield>
  </datafield>
  <datafield tag="899" ind1=" " ind2=" ">
    <subfield code="a">Biblioteca civica Queriniana. Brescia</subfield>
    <subfield code="1">BS0026</subfield>
    <subfield code="2">ZBS 01</subfield>
  </datafield>
  <datafield tag="899" ind1=" " ind2=" ">
    <subfield code="a">Biblioteca della Fondazione Ugo da Como. Lonato</subfield>
    <subfield code="1">BS0092</subfield>
    <subfield code="2">LO1 18</subfield>
  </datafield>
  <datafield tag="899" ind1=" " ind2=" ">
    <subfield code="a">Biblioteca Apostolica Vaticana. Citt ̉del Vaticano</subfield>
    <subfield code="1">EX0001</subfield>
    <subfield code="2">ZCV 01</subfield>
  </datafield>
  <datafield tag="899" ind1=" " ind2=" ">
    <subfield code="a">Biblioteca Riccardiana. Firenze</subfield>
    <subfield code="1">FI0094</subfield>
    <subfield code="2">CFI RF</subfield>
  </datafield>
  <datafield tag="899" ind1=" " ind2=" ">
    <subfield code="a">Biblioteca nazionale centrale. Firenze</subfield>
    <subfield code="1">FI0098</subfield>
    <subfield code="2">CFI CF</subfield>
  </datafield>
  <datafield tag="899" ind1=" " ind2=" ">
    <subfield code="a">Biblioteca della Societ ̉economica. Chiavari</subfield>
    <subfield code="1">GE0011</subfield>
    <subfield code="2">LI3 30</subfield>
  </datafield>
  <datafield tag="899" ind1=" " ind2=" ">
    <subfield code="a">Biblioteca statale. Lucca</subfield>
    <subfield code="1">LU0022</subfield>
    <subfield code="2">LUA BL</subfield>
  </datafield>
  <datafield tag="899" ind1=" " ind2=" ">
    <subfield code="a">Biblioteca Painiana. Messina</subfield>
    <subfield code="1">ME0052</subfield>
    <subfield code="2">MES PA</subfield>
  </datafield>
  <datafield tag="899" ind1=" " ind2=" ">
    <subfield code="a">Biblioteca Ambrosiana. Milano</subfield>
    <subfield code="1">MI0133</subfield>
    <subfield code="2">VBA 01</subfield>
  </datafield>
  <datafield tag="899" ind1=" " ind2=" ">
    <subfield code="a">Biblioteca nazionale Braidense. Milano</subfield>
    <subfield code="1">MI0185</subfield>
    <subfield code="2">MIL NB</subfield>
  </datafield>
  <datafield tag="899" ind1=" " ind2=" ">
    <subfield code="a">Biblioteca civica centrale. Monza</subfield>
    <subfield code="1">MI0377</subfield>
    <subfield code="2">LO1 97</subfield>
  </datafield>
  <datafield tag="899" ind1=" " ind2=" ">
    <subfield code="a">Biblioteca civica. Padova</subfield>
    <subfield code="1">PD0090</subfield>
    <subfield code="2">PUV 55</subfield>
  </datafield>
  <datafield tag="899" ind1=" " ind2=" ">
    <subfield code="a">Biblioteca comunale Augusta. Perugia</subfield>
    <subfield code="1">PG0109</subfield>
    <subfield code="2">UM1 01</subfield>
  </datafield>
  <datafield tag="899" ind1=" " ind2=" ">
    <subfield code="a">Biblioteca universitaria. Pisa</subfield>
    <subfield code="1">PI0112</subfield>
    <subfield code="2">PIS R1</subfield>
  </datafield>
  <datafield tag="899" ind1=" " ind2=" ">
    <subfield code="a">Biblioteca Palatina. Parma</subfield>
    <subfield code="1">PR0072</subfield>
    <subfield code="2">PAR PA</subfield>
  </datafield>
  <datafield tag="899" ind1=" " ind2=" ">
    <subfield code="a">Biblioteca universitaria. Pavia</subfield>
    <subfield code="1">PV0291</subfield>
    <subfield code="2">MIL UP</subfield>
  </datafield>
  <datafield tag="899" ind1=" " ind2=" ">
    <subfield code="a">Biblioteca nazionale centrale. Roma</subfield>
    <subfield code="1">RM0267</subfield>
    <subfield code="2">BVE CR</subfield>
  </datafield>
  <datafield tag="899" ind1=" " ind2=" ">
    <subfield code="a">Biblioteca Vallicelliana. Roma</subfield>
    <subfield code="1">RM0281</subfield>
    <subfield code="2">RML 08</subfield>
  </datafield>
  <datafield tag="899" ind1=" " ind2=" ">
    <subfield code="a">Biblioteca Angelica. Roma</subfield>
    <subfield code="1">RM0290</subfield>
    <subfield code="2">RML 06</subfield>
  </datafield>
  <datafield tag="899" ind1=" " ind2=" ">
    <subfield code="a">Nuova biblioteca pubblica Luigi Fumi. Orvieto</subfield>
    <subfield code="1">TR0022</subfield>
    <subfield code="2">UM1 06</subfield>
  </datafield>
  <datafield tag="899" ind1=" " ind2=" ">
    <subfield code="a">Biblioteca comunale. Treviso</subfield>
    <subfield code="1">TV0114</subfield>
    <subfield code="2">VIA CT</subfield>
  </datafield>
  <datafield tag="899" ind1=" " ind2=" ">
    <subfield code="a">Biblioteca Arcivescovile. Udine</subfield>
    <subfield code="1">UD0100</subfield>
    <subfield code="2">ZUD 11</subfield>
  </datafield>
  <datafield tag="899" ind1=" " ind2=" ">
    <subfield code="a">British Library. London</subfield>
    <subfield code="1">UK0001</subfield>
  </datafield>
  <datafield tag="899" ind1=" " ind2=" ">
    <subfield code="a">Biblioteca nazionale Marciana. Venezia</subfield>
    <subfield code="1">VE0049</subfield>
    <subfield code="2">VEA BM</subfield>
  </datafield>
  <datafield tag="911" ind1=" " ind2=" ">
    <subfield code="a">Sul front.</subfield>
    <subfield code="9">IT\ICCU\CNCM\000026</subfield>
  </datafield>
  <datafield tag="921" ind1=" " ind2=" ">
    <subfield code="a">IT\ICCU\CNCM\000026</subfield>
    <subfield code="b">Fenice su fiamme che si sprigionano da anfora recante le iniziali G.G.F. L&apos;anfora  ̈sorretta da due satiri alati.</subfield>
    <subfield code="e">De la mia morte eterna vita i vivo. - Semper eadem.</subfield>
    <subfield code="c">Z535</subfield>
    <subfield code="d">Dimensioni: 4 x 5</subfield>
    <subfield code="f">DELAMIAMOR</subfield>
    <subfield code="f">FENICE</subfield>
    <subfield code="f">FIAMME</subfield>
    <subfield code="f">GGF</subfield>
    <subfield code="f">SEMPEREADE</subfield>
    <subfield code="g">1546-1578</subfield>
  </datafield>
</record>
</collection>
